<?xml version="1.0" encoding="UTF-8"?><record xmlns="http://www.loc.gov/MARC21/slim" xmlns:cinclude="http://apache.org/cocoon/include/1.0" xmlns:zs="http://www.loc.gov/zing/srw/">
  <leader>00851cz  a2200169n  4500</leader>
  <controlfield tag="001">no2008155574</controlfield>
  <controlfield tag="003">DLC</controlfield>
  <controlfield tag="005">20090617075430.0</controlfield>
  <controlfield tag="008">080912n| acannaabn          |a ana     c</controlfield>
  <datafield tag="010" ind1=" " ind2=" ">
    <subfield code="a">no2008155574</subfield>
    <subfield code="z">n 2006201318</subfield>
  </datafield>
  <datafield tag="035" ind1=" " ind2=" ">
    <subfield code="a">(OCoLC)oca07915190</subfield>
  </datafield>
  <datafield tag="040" ind1=" " ind2=" ">
    <subfield code="a">OhKeUHG</subfield>
    <subfield code="b">eng</subfield>
    <subfield code="c">OhKeUHG</subfield>
    <subfield code="d">DLC</subfield>
  </datafield>
  <datafield tag="110" ind1="2" ind2=" ">
    <subfield code="a">Necessary Noize (Musical group)</subfield>
  </datafield>
  <datafield tag="410" ind1="2" ind2=" ">
    <subfield code="a">Necessary Noise (Musical group)</subfield>
  </datafield>
  <datafield tag="670" ind1=" " ind2=" ">
    <subfield code="a">African rebel music [SR] p2006:</subfield>
    <subfield code="b">insert (Necessary Noize; Kenyan reggae/hip-hop group, consisting of Nazizi Hirji (a.k.a. the First Lady) and Kevin Waire (a.k.a. the Lovechild))</subfield>
  </datafield>
  <datafield tag="670" ind1=" " ind2=" ">
    <subfield code="a">All music WWW site, Sept. 12, 2008</subfield>
    <subfield code="b">(Necessary Noize; reggae)</subfield>
  </datafield>
  <datafield tag="670" ind1=" " ind2=" ">
    <subfield code="a">Wikipedia, Sept. 12, 2008</subfield>
    <subfield code="b">(Necessary Noize; Kenyan hip hop group consisting of MC/singer Nazizi Hirji, singer Kevin Wyre and rapper Bamzigi; Bamzigi later left due to personal and label disputes)</subfield>
  </datafield>
</record>